@book{higham1998handbook,
  Title={Handbook of writing for the mathematical sciences},
  author={Higham, N.J.},
  year={1998},
  publisher={Society for Industrial Mathematics}
}
@misc{vihart,
  Title={Pi is (still) wrong},
  author={Hart, V. I.},
  year={2011},
  publisher={YouTube},
url = {http://vihart.com/blog/pi-is-still-wrong/}
}

@misc{taumanifesto,
Title={The {T}au {M}anifesto},
author={Michael Hartl},
year={2010},
url = {http://tauday.com/}
}

@misc{chaoswiki,
Title={Chaos {T}heory},
author={Wikipedia},
year={2012},
url = {http://en.wikipedia.org/Chaos_theory}
}
@misc{fractalwiki,
Title={Fractal},
author={Wikipedia},
year={2012},
url = {http://en.wikipedia.org/Fractal}
}

@article{linhart,
Author="J. M. Linhart",
Title="Algorithm 885: Computing the logarithm of the normal distribution.",
Journal="ACM Transactions on Mathematical Software",
Pages="Article 20",
Volume=35,
Year=2008
}

@Misc{LinhartPC,
author = {Jean Marie Linhart},
month = {September},
year = {2012},
note = {Mathematical Modeling (Math 442) Class at Texas A\&M University }
}

